  @INPROCEEDINGS{1,
  author={Lee, Huang-Chen and Huang, Huang-Bin},
  booktitle={IEEE Transactions on Instrumentation and Measurement}, 
  title={A Low-Cost and Noninvasive System for the Measurement and Detection of Faulty Streetlights},
  year={2015},
  volume={64},
  number={4},
  pages={1019-1031},
  doi={10.1109/TIM.2014.2361551}}

  @INPROCEEDINGS{2,
  author={Karthikeyan, P and Karthik, M and Deepikapriya, V and Divya Briya, S and Dharanishwarma, R and Janakirthick, S},
  booktitle={2022 2nd International Conference on Power Electronics & IoT Applications in Renewable Energy and its Control (PARC)}, 
  title={Design and Implementation of Smart Street Light Automation and Fault Detection System}, 
  year={2022},
  volume={},
  number={},
  pages={1-7},
  doi={10.1109/PARC52418.2022.9726622}}

  @INPROCEEDINGS{3,
  author={Sophiya Susan, S and Praveen Raj, Aakash and Mishra, Ashutosh and Thambi, Vachan},
  booktitle={2022 International Conference on Inventive Computation Technologies (ICICT)}, 
  title={Vehicle Movement based Innovative Smart Highway Lighting System}, 
  year={2022},
  volume={},
  number={},
  pages={483-488},
  doi={10.1109/ICICT54344.2022.9850478}}

  
  @INPROCEEDINGS{4,
  author={Abdullah, Aziera and Yusoff, Siti Hajar and Zaini, Syasya Azra and Midi, Nur Shahida and Mohamad, Sarah Yasmin},
  booktitle={2018 7th International Conference on Computer and Communication Engineering (ICCCE)}, 
  title={Smart Street Light Using Intensity Controller}, 
  year={2018},
  volume={},
  number={},
  pages={1-5},
  doi={10.1109/ICCCE.2018.8539321}}

  @INPROCEEDINGS{5,
  author={Yang, Chen-Wei and Nefedov, Evgeny and Sierla, Seppo and Flikkema, Paul},
  booktitle={2015 IEEE 13th International Conference on Industrial Informatics (INDIN)}, 
  title={Vehicle and pedestrian aware street lighting automation}, 
  year={2015},
  volume={},
  number={},
  pages={1269-1274},
  doi={10.1109/INDIN.2015.7281917}}

  @INPROCEEDINGS{6,
  author={Nefedov, Evgeny and Maksimainen, Mikko and Sierla, Seppo and Flikkema, Paul and Yang, Chen-Wei and Kosonen, Iisakki and Luttinen, Tapio},
  booktitle={2014 IEEE 23rd International Symposium on Industrial Electronics (ISIE)}, 
  title={Energy efficient traffic-based street lighting automation}, 
  year={2014},
  volume={},
  number={},
  pages={1718-1723},
  doi={10.1109/ISIE.2014.6864874}}
  
  @INPROCEEDINGS{7,
  author={Jasim, H N and Kamal, Z N and Jabbar, S F},
  booktitle={International Journal on “Technical and Physical Problems of Engineering” (IJTPE)}, 
  title={SMART COMMUNITY WITH CREATE A MANAGEMENT SYSTEM FOR STREET LIGHTS}, 
  year={2022},
  volume={14},
  number={2},
  pages={369-374},
  doi={10.1109/ICCCE.2018.8539321}}

  @INPROCEEDINGS{8,
  author={Raheem, Fanoon and A R F, Shafana},
  booktitle={Journal of Technology and Value Addition}, 
  title={Smart Lighting System for Efficient Street Lighting}, 
  year={2020},
  volume={2},
  number={},
  pages={}
}
  @INPROCEEDINGS{9,
  Author = {Gagliardi, Gianfranco and Lupia, Marco and Cario, Gianni and Tedesco, Francesco and Cicchello Gaccio, Francesco and Lo Scudo, Fabrizio and Casavola, Alessandro},
  booktitle = {Smart Cities},
  title = {Advanced Adaptive Street Lighting Systems for Smart Cities},
  year = {2020},
  volume = {3},
  number = {4},
  pages = {1495--1512},
  doi = {10.3390/smartcities3040071}}

  @INPROCEEDINGS{10,
  author={Dwijaksara, Made Harta and Sook Jeon, Wha and Jeong, Dong Geun},
  booktitle={2019 IEEE International Conference on Industrial Technology (ICIT)}, 
  title={Multihop Gateway-to-Gateway Communication Protocol for LoRa Networks}, 
  year={2019},
  volume={},
  number={},
  pages={949-954},
  doi={10.1109/ICIT.2019.8755136}}

  @INPROCEEDINGS{11,
  author={https://circuitdigest.com/microcontroller-projects/raspberry-pi-with-lora-peer-to-peer-communication-with-arduino}}

  @INPROCEEDINGS{12,
  author={https://how2electronics.com/interfacing-sx1278-lora-module-with-arduino/}}

  @INPROCEEDINGS{13,
  author={https://create.arduino.cc/projecthub/334033/arduino-uno-lora-ra-02-temperature-sensor-d9ba95}}

  @INPROCEEDINGS{14,
  author={https://github.com/sandeepmistry/arduino-LoRa}}

  @article{15,
  title={Fully decentralized and collaborative multilateration primitives for uniquely localizing WSNs},
  author={Cakiroglu, Arda and Erten, Cesim},
  journal={EURASIP Journal on Wireless Communications and Networking},
  volume={2010},
  pages={1--7},
  year={2009},
  publisher={Springer}
}